<?xml version="1.0" encoding="UTF-8"?><collection xmlns="http://www.loc.gov/MARC21/slim"><record><leader>00612nam--2200193-i-4500</leader><controlfield tag="001">000041019</controlfield><controlfield tag="002">20161230</controlfield><controlfield tag="005">20161230201042</controlfield><controlfield tag="008">060222s1000------------r-----000-0-eng-d</controlfield><datafield ind1=" " ind2=" " tag="020"><subfield code="a">0720407060</subfield></datafield><datafield ind1=" " ind2=" " tag="040"><subfield code="a">IFIN-HH</subfield></datafield><datafield ind1=" " ind2=" " tag="080"><subfield code="a">537.6:621.318.1</subfield></datafield><datafield ind1="1" ind2=" " tag="100"><subfield code="a">Chen, Chih-wen</subfield></datafield><datafield ind1="1" ind2="0" tag="245"><subfield code="a">Magnetism and metallurgy of soft magnetic materials</subfield><subfield code="b">Selected topics in solid state physics. volume 15</subfield><subfield code="c">Chin-wen chen</subfield></datafield><datafield ind1=" " ind2=" " tag="260"><subfield code="a">Amsterdam</subfield><subfield code="b">North-holland Publishing Company</subfield><subfield code="c">1977</subfield></datafield><datafield ind1=" " ind2=" " tag="300"><subfield code="a">XVIII+571P</subfield></datafield><datafield ind1=" " ind2=" " tag="490"><subfield code="a">Selected Topics In Solid State Physics</subfield></datafield><datafield ind1=" " ind2=" " tag="852"><subfield code="a">18840</subfield><subfield code="c">539.2</subfield></datafield><datafield ind1=" " ind2=" " tag="CAT"><subfield code="a">Sys</subfield><subfield code="c">20121010</subfield><subfield code="h">155926</subfield></datafield></record></collection>